@inproceedings{genin2017statverif,
title={The Topology of Statistical Verifiability},
author={Genin, Konstantin and Kelly, Kevin T.},
booktitle={Proceedings of the Sixteenth Conference on Theoretical Aspects of Rationality and Knowledge}, 
year={2017}
}

@inproceedings{genin2015choice,
title={Theory Choice, Theory Change, and Inductive Truth-Conduciveness},
author={Genin, Konstantin and Kelly, Kevin T.},
booktitle={Proceedings of the Fifteenth Conference on Theoretical Aspects of Rationality and Knowledge}, 
year={2015}
}

@article{kelly2016realism,
  title={Realism, rhetoric, and reliability},
  author={Kelly, Kevin T and Genin, Konstantin and Lin, Hanti},
  journal={Synthese},
  volume={193},
  number={4},
  pages={1191--1223},
  year={2016},
  publisher={Springer}
}

@incollection{kelly2014complexity,
  title={Complexity, Ockhamâ€™s Razor, and Truth},
  author={Kelly, Kevin T and Genin, Konstantin},
  booktitle={Modes of Explanation},
  pages={121--131},
  year={2014},
  publisher={Springer}
}

@inproceedings{carlson2013student,
  title={Student Profiling from Tutoring System Log Data: When do Multiple Graphical Representations Matter?},
  author={Carlson, Ryan and Genin, Konstantin and Rau, Martina and Scheines, Richard},
  booktitle={Educational Data Mining 2013},
  year={2013}
}

